@book{cloud,
  title={Cloud Computing: Principles, Systems and Applications},
  author={Antonopoulos, N. and Gillam, L.},
  series={Computer Communications and Networks},
  year={2010},
  publisher={Springer London}
}

@misc{cisco_vni,
 title     = "{VNI} {F}orecast {H}ighlights {T}ool",
 howpublished  = {http://www.cisco.com/c/m/en\_us/solutions/service-provider/vni-forecast-highlights.html},
 note = "[Online]. Visitado: Diciembre 2016"
}

@article{wang2003video,
  title={Video Coding Basics},
  author={Wang, Yao},
  year={2003}
}

@techreport{akamai,
     title = {{akamai’s [state of the internet]
Q1 2016 report}},
     author = {David Belson},
     group = {Akamai},
     year = {2016},
     institution = {Akamai},
     month = {01},
}

@book{virtualization,
  title={Grids, Clouds and Virtualization},
  author={Cafaro, M. and Aloisio, G.},
  series={Computer Communications and Networks},
  year={2010},
  publisher={Springer London}
}

@techreport{nfv,
author= {Chiosi, M.}, 
title={{N}etwork {F}unctions {V}irtualisation: {A}n {I}ntroduction, {B}enefits, {E}nablers, {C}hallenges and {C}all for
{A}ction},
publisher={ETSI White Paper}, 
month={October},
year={2012}
}


@techreport{nfv_framework,
author= {ETSI ISG}, 
title={{N}etwork {F}unctions {V}irtualisation ({NFV}): {A}rchitectural {F}ramework},
publisher={ETSI}, 
month={October},
year={2013},
howpublished={[Online:]http://www.etsi.org/deliver/etsi_gs/nfv/001_099/002/01.01.01_60/gs_nfv002v010101p.pdf} 
}

@article{sdn_nfv,
author={R. Jain and S. Paul},
journal={IEEE Communications Magazine},
title={{N}etwork {V}irtualization and {S}oftware {D}efined {N}etworking for {C}loud {C}omputing: {A} {S}urvey},
year={2013},
volume={51},
number={11},
pages={24-31},
month={November}
}


@article{sdn,
author={H. Kim and N. Feamster},
journal={IEEE Communications Magazine},
title={Improving network management with software defined networking},
year={2013},
volume={51},
number={2},
pages={114-119},
month={February}
}

@inproceedings{fog,
 author = {Yi, Shanhe and Li, Cheng and Li, Qun},
 title = {A {S}urvey of {F}og {C}omputing: {C}oncepts, {A}pplications and {I}ssues},
 booktitle = {Proceedings of the 2015 Workshop on Mobile Big Data},
 series = {Mobidata '15},
 year = {2015},
 isbn = {978-1-4503-3524-9},
 location = {Hangzhou, China},
 pages = {37--42},
 numpages = {6},
 url = {http://doi.acm.org/10.1145/2757384.2757397},
 doi = {10.1145/2757384.2757397},
 acmid = {2757397},
 publisher = {ACM},
 address = {New York, NY, USA}
} 

@book{motion,
  title={Motion Estimation Techniques for Digital Video Coding},
  author={Metkar, Shilpa and Talbar, Sanjay},
  year={2013},
  publisher={Springer}
}

@Inbook{compressive_notes,
author="Stankovi{\'{c}}, Srdjan
and Orovi{\'{c}}, Irena
and Sejdi{\'{c}}, Ervin",
chapter="Compressive Sensing",
title="Multimedia Signals and Systems",
year="2012",
publisher="Springer US",
address="Boston, MA",
pages="233--254",
isbn="978-1-4614-4208-0",
doi="10.1007/978-1-4614-4208-0_6",
url="http://dx.doi.org/10.1007/978-1-4614-4208-0_6"
}


@Inbook{sparsity,
author="Patel, Vishal M.
and Chellappa, Rama",
chapter="Compressive Sensing",
title="Sparse Representations and Compressive Sensing for Imaging and Vision",
year="2013",
publisher="Springer New York",
address="New York, NY",
pages="3--15",
isbn="978-1-4614-6381-8",
doi="10.1007/978-1-4614-6381-8_2",
url="http://dx.doi.org/10.1007/978-1-4614-6381-8_2"
}

@manual{cepal,
author="Rojas, Edwin F. and  Poveda, Laura and  Grimblatt, Nicolas ",
title="Estado de la banda ancha en América Latina y el Caribe 2015",
organization="Comisión Económica para América Latina y el Caribe (CEPAL)",
year="2015",
month="July"
}

@INPROCEEDINGS{motion_cs,
author={Y. Shen and J. Li and Z. Zhu},
booktitle={2013 IEEE International Conference on Acoustics, Speech and Signal Processing},
title={Motion estimation for video coding based on sparse representation},
year={2013},
pages={1394-1398},
doi={10.1109/ICASSP.2013.6637880},
ISSN={1520-6149},
month={May}}

@INPROCEEDINGS{odl_me,
author={Y. Sun and M. Xu and X. Tao and J. Lu},
booktitle={Wireless Personal Multimedia Communications (WPMC), 2012 15th International Symposium on},
title={Online dictionary learning based intra-frame video coding via sparse representation},
year={2012},
pages={16-20},
ISSN={1347-6890},
month={Sept}}

@ARTICLE{sparse_st,
author={H. Xiong and Z. Pan and X. Ye and C. W. Chen},
journal={IEEE Transactions on Circuits and Systems for Video Technology},
title={Sparse Spatio-Temporal Representation With Adaptive Regularized Dictionary Learning for Low Bit-Rate Video Coding},
year={2013},
volume={23},
number={4},
pages={710-728},
ISSN={1051-8215},
month={April}}

@INPROCEEDINGS{6189245,
author={Z. Pan and H. Xiong},
booktitle={Data Compression Conference (DCC), 2012},
title={Sparse spatio-temporal representation with adaptive regularized dictionaries for super-resolution based video coding},
year={2012},
pages={139-148},
ISSN={1068-0314},
month={April}}

@ARTICLE{7076640,
author={M. Azghani and M. Karimi and F. Marvasti},
journal={IEEE Transactions on Circuits and Systems for Video Technology},
title={Multihypothesis Compressed Video Sensing Technique},
year={2016},
volume={26},
number={4},
pages={627-635},
doi={10.1109/TCSVT.2015.2418586},
ISSN={1051-8215},
month={April}}

@article{Chen:2015,
 author = {Chen, Jian and Chen, Yunzheng and Qin, Dong and Kuo, Yonghong},
 title = {An Elastic Net-based Hybrid Hypothesis Method for Compressed Video Sensing},
 journal = {Multimedia Tools Appl.},
 issue_date = {March     2015},
 volume = {74},
 number = {6},
 month = mar,
 year = {2015},
 issn = {1380-7501},
 pages = {2085--2108},
 numpages = {24},
 url = {http://dx.doi.org/10.1007/s11042-013-1743-y},
 doi = {10.1007/s11042-013-1743-y},
 acmid = {2747588},
 publisher = {Kluwer Academic Publishers},
 address = {Hingham, MA, USA}} 

@INPROCEEDINGS{6984694,
author={J. Guo and B. Song and H. Liu and H. Qin},
booktitle={Computer and Information Technology (CIT), 2014 IEEE International Conference on},
title={Motion Estimation in Measurement Domain for Compressed Video Sensing},
year={2014},
pages={441-445},
keywords={compressed sensing;image sampling;motion estimation;redundancy;signal detection;video coding;CS;CVS;compressed video sensing;measurement domain;motion estimation;signal acquisition;video encoder;video sampling;video signal time redundancy removal;Correlation;Current measurement;Image reconstruction;Motion estimation;Motion measurement;Sensors;Vectors;compressed sensing;measurements;motion estimation;video signal},
doi={10.1109/CIT.2014.76},
month={Sept}}

@INPROCEEDINGS{5202822,
author={F. Pereira},
booktitle={2009 IEEE International Conference on Multimedia and Expo},
title={Distributed video coding: Basics, main solutions and trends},
year={2009},
pages={1592-1595},
ISSN={1945-7871},
month={June}}

@INPROCEEDINGS{6266276,
author={Y. Baig and E. M. K. Lai and A. Punchihewa},
booktitle={Multimedia and Expo Workshops (ICMEW), 2012 IEEE International Conference on},
title={Distributed Video Coding Based on Compressed Sensing},
year={2012},
pages={325-330},
doi={10.1109/ICMEW.2012.62},
month={July}}

@INPROCEEDINGS{6694139,
author={M. Wang and S. Xiao and L. Quan and Q. Li},
booktitle={Signal and Information Processing Association Annual Summit and Conference (APSIPA), 2013 Asia-Pacific},
title={A power-efficient cloud-based compressive sensing video communication system},
year={2013},
pages={1-4},
month={Oct}}

@INPROCEEDINGS{6245804,
author={D. Yu and A. Wang and M. Zhao},
booktitle={Computing, Measurement, Control and Sensor Network (CMCSN), 2012 International Conference on},
title={A Multiple Description Distributed Compressed Video Sensing for Robust Transmission},
year={2012},
pages={13-16},
doi={10.1109/CMCSN.2012.4},
month={July}}

@ARTICLE{5452966,
author={R. Rubinstein and A. M. Bruckstein and M. Elad},
journal={Proceedings of the IEEE},
title={Dictionaries for Sparse Representation Modeling},
year={2010},
volume={98},
number={6},
pages={1045-1057},
doi={10.1109/JPROC.2010.2040551},
ISSN={0018-9219},
month={June},}

@Inbook{Ben-Israel2003,
chapter="A Spectral Theory for Rectangular Matrices",
title="Generalized Inverses: Theory and Applications",
year="2003",
publisher="Springer New York",
address="New York, NY",
pages="201--256",
isbn="978-0-387-21634-8",
doi="10.1007/0-387-21634-0_8"
}

@ARTICLE{7102696,
author={Z. Zhang and Y. Xu and J. Yang and X. Li and D. Zhang},
journal={IEEE Access},
title={A Survey of Sparse Representation: Algorithms and Applications},
year={2015},
volume={3},
pages={490-530},
ISSN={2169-3536}}


@article{online,
  title={Online learning for matrix factorization and sparse coding},
  author={Mairal, Julien and Bach, Francis and Ponce, Jean and Sapiro, Guillermo},
  journal={Journal of Machine Learning Research},
  volume={11},
  number={Jan},
  pages={19--60},
  year={2010}
}

@article{lars,
  title={Least angle regression},
  author={Efron, Bradley and Hastie, Trevor and Johnstone, Iain and Tibshirani, Robert and others},
  journal={The Annals of statistics},
  volume={32},
  number={2},
  pages={407--499},
  year={2004},
  publisher={Institute of Mathematical Statistics}
}


@book{metkar2013motion,
  title={Motion estimation techniques for digital video coding},
  author={Metkar, Shilpa and Talbar, Sanjay},
  year={2013},
  publisher={Springer}
}

@Inbook{sparsity_book,
author="Patel, Vishal M.
and Chellappa, Rama",
chapter="Compressive Sensing",
title="Sparse Representations and Compressive Sensing for Imaging and Vision",
year="2013",
publisher="Springer New York",
address="New York, NY",
pages="3--15",
isbn="978-1-4614-6381-8",
doi="10.1007/978-1-4614-6381-8_2",
url="http://dx.doi.org/10.1007/978-1-4614-6381-8_2"
}


@article{he_improvement_2016,
	title = {Improvement of video coding efficiency based on sparse contractive mapping approach},
	volume = {173},
	issn = {09252312},
	url = {http://linkinghub.elsevier.com/retrieve/pii/S0925231215013958},
	doi = {10.1016/j.neucom.2015.09.062},
	language = {en},
	urldate = {2016-10-11},
	journal = {Neurocomputing},
	author = {He, Zaixing and Ogawa, Takahiro and Takahashi, Sho and Haseyama, Miki and Zhao, Xinyue},
	month = jan,
	year = {2016},
	pages = {1898--1907},
	annote = {keyword: sparse and video coding}
}

@article{tan_video_2016,
	title = {Video {Quality} {Evaluation} {Methodology} and {Verification} {Testing} of {HEVC} {Compression} {Performance}},
	volume = {26},
	issn = {1051-8215, 1558-2205},
	url = {http://ieeexplore.ieee.org/document/7254155/},
	doi = {10.1109/TCSVT.2015.2477916},
	number = {1},
	urldate = {2016-10-14},
	journal = {IEEE Transactions on Circuits and Systems for Video Technology},
	author = {Tan, Thiow Keng and Weerakkody, Rajitha and Mrak, Marta and Ramzan, Naeem and Baroncini, Vittorio and Ohm, Jens-Rainer and Sullivan, Gary J.},
	month = jan,
	year = {2016},
	pages = {76--90},
	annote = {keyword: HEVC
 }
}

@ARTICLE{6317156, 
author={J. R. Ohm and G. J. Sullivan and H. Schwarz and T. K. Tan and T. Wiegand}, 
journal={IEEE Transactions on Circuits and Systems for Video Technology}, 
title={Comparison of the {C}oding {E}fficiency of {V}ideo {C}oding {S}tandards {I}ncluding {H}igh {E}fficiency {V}ideo {C}oding ({HEVC})}, 
year={2012}, 
volume={22}, 
number={12}, 
pages={1669-1684}, 
keywords={standards;video coding;H.262;H.263;H.264;HEVC;MPEG-2 video;MPEG-4 advanced video coding;MPEG-4 visual;PSNR metric;coding efficiency;equivalent subjective reproduction quality;high efficiency video coding;high resolution video content;peak signal-to-noise ratio;subjective testing;video coding standards;ISO standards;MPEG 4 Standard;MPEG standards;Standards;Video coding;Video compression;Advanced Video Coding (AVC);H.264;High Efficiency Video Coding (HEVC);JCT-VC;MPEG;MPEG-4;VCEG;standards;video compression}, 
doi={10.1109/TCSVT.2012.2221192}, 
ISSN={1051-8215}, 
month={Dec}}

@article{perceptual,
	title = {Perceptual {Video} {Compression}: {A} {Survey}},
	volume = {6},
	issn = {1932-4553, 1941-0484},
	shorttitle = {Perceptual {Video} {Compression}},
	url = {http://ieeexplore.ieee.org/document/6280594/},
	doi = {10.1109/JSTSP.2012.2215006},
	number = {6},
	urldate = {2016-10-20},
	journal = {IEEE Journal of Selected Topics in Signal Processing},
	author = {Lee, Jong-Seok and Ebrahimi, Touradj},
	month = oct,
	year = {2012},
	pages = {684--697}
}

@article{xiong2013sparse,
  title={Sparse spatio-temporal representation with adaptive regularized dictionary learning for low bit-rate video coding},
  author={Xiong, Hongkai and Pan, Zhiming and Ye, Xinwei and Chen, Chang Wen},
  journal={IEEE Transactions on Circuits and Systems for Video Technology},
  volume={23},
  number={4},
  pages={710--728},
  year={2013},
  publisher={IEEE}
}

@article{dai_sparse_2016,
	title = {Sparse {Representation} {With} {Spatio}-{Temporal} {Online} {Dictionary} {Learning} for {Promising} {Video} {Coding}},
	volume = {25},
	issn = {1057-7149, 1941-0042},
	url = {http://ieeexplore.ieee.org/lpdocs/epic03/wrapper.htm?arnumber=7523418},
	doi = {10.1109/TIP.2016.2594490},
	number = {10},
	urldate = {2016-09-21},
	journal = {IEEE Transactions on Image Processing},
	author = {Dai, Wenrui and Shen, Yangmei and Tang, Xin and Zou, Junni and Xiong, Hongkai and Chen, Chang Wen},
	month = oct,
	year = {2016},
	pages = {4580--4595},
	annote = {keyword: sparse video coding}
}

@article{chih-wei_tang_spatiotemporal_2007,
	title = {Spatiotemporal {Visual} {Considerations} for {Video} {Coding}},
	volume = {9},
	issn = {1520-9210, 1941-0077},
	url = {http://ieeexplore.ieee.org/document/4067009/},
	doi = {10.1109/TMM.2006.886328},
	number = {2},
	urldate = {2016-10-14},
	journal = {IEEE Transactions on Multimedia},
	author = {{Chih-Wei Tang}},
	month = feb,
	year = {2007},
	pages = {231--238},
	annote = {keyword: perceptual video coding
 }
}

@article{k-svd,
	title = {{K}-{SVD}: {An} {Algorithm} for {Designing} {Overcomplete} {Dictionaries} for {Sparse} {Representation}},
	volume = {54},
	issn = {1053-587X},
	shorttitle = {\$rm {K}\$-{SVD}},
	url = {http://ieeexplore.ieee.org/document/1710377/},
	doi = {10.1109/TSP.2006.881199},
	number = {11},
	urldate = {2016-10-11},
	journal = {IEEE Transactions on Signal Processing},
	author = {Aharon, M. and Elad, M. and Bruckstein, A.},
	month = nov,
	year = {2006},
	pages = {4311--4322},
	annote = {keyword: dictionary learning},
	annote = {keyword: sparse representation}
}

@book{cheng_sparse_2015,
	address = {London},
	series = {Advances in computer vision and pattern recognition},
	title = {Sparse representation, modeling and learning in visual recognition: theory, algorithms and applications},
	isbn = {978-1-4471-6714-3 978-1-4471-6713-6},
	shorttitle = {Sparse representation, modeling and learning in visual recognition},
	abstract = {This unique text/reference presents a comprehensive review of the state of the art in sparse representations, modeling and learning. The book examines both the theoretical foundations and details of algorithm implementation, highlighting the practical application of compressed sensing research in visual recognition and computer vision. Topics and features: describes sparse recovery approaches, robust and efficient sparse representation, and large-scale visual recognition; covers feature representation and learning, sparsity induced similarity, and sparse representation and learning-based classifiers; discusses low-rank matrix approximation, graphical models in compressed sensing, collaborative representation-based classification, and high-dimensional nonlinear learning; includes appendices outlining additional computer programming resources, and explaining the essential mathematics required to understand the book},
	language = {eng},
	publisher = {Springer},
	author = {Cheng, Hong},
	year = {2015},
	keywords = {Maschinelles Sehen},
	annote = {keyword: sparse representation}
}

@incollection{stankovic_compressive_2012,
	address = {Boston, MA},
	title = {Compressive {Sensing}},
	isbn = {978-1-4614-4207-3 978-1-4614-4208-0},
	url = {http://link.springer.com/10.1007/978-1-4614-4208-0_6},
	language = {en},
	urldate = {2016-10-20},
	booktitle = {Multimedia {Signals} and {Systems}},
	publisher = {Springer US},
	author = {Stanković, Srdjan and Orović, Irena and Sejdić, Ervin},
	collaborator = {Stanković, Srdjan and Orović, Irena and Sejdić, Ervin},
	year = {2012},
	pages = {233--254}
}

@article{compressive,
	title = {Compressive {Sensing} [{Lecture} {Notes}]},
	volume = {24},
	issn = {1053-5888},
	url = {http://ieeexplore.ieee.org/lpdocs/epic03/wrapper.htm?arnumber=4286571},
	doi = {10.1109/MSP.2007.4286571},
	number = {4},
	urldate = {2016-09-22},
	journal = {IEEE Signal Processing Magazine},
	author = {Baraniuk, Richard},
	month = jul,
	year = {2007},
	pages = {118--121},
	annote = {keyword: compressive sensing
 }
}

@inproceedings{sun2012online,
  title={Online dictionary learning based intra-frame video coding via sparse representation},
  author={Sun, Yipeng and Xu, Mai and Tao, Xiaoming and Lu, Jianhua},
  booktitle={Wireless Personal Multimedia Communications (WPMC), 2012 15th International Symposium on},
  pages={16--20},
  year={2012},
  organization={IEEE}
}

@article{song_omp-based_2016,
	title = {{OMP}-based transform for inter coding in {HEVC}},
	url = {http://ieeexplore.ieee.org/abstract/document/7527361/},
	doi = {10.1109/ISCAS.2016.7527361},
	journal = {Circuits and Systems (ISCAS), 2016 IEEE International Symposium on},
	author = {Song, Rui and Lan, Cuiling and Li, Houqiang and Xu, Jizheng and Wu, Feng},
	month = may,
	year = {2016},
	pages = {798 -- 801},
	annote = {keyword: sparse representation
 }
}

@article{duarte-carvajalino_learning_2009,
	title = {Learning to {Sense} {Sparse} {Signals}: {Simultaneous} {Sensing} {Matrix} and {Sparsifying} {Dictionary} {Optimization}},
	volume = {18},
	issn = {1057-7149, 1941-0042},
	shorttitle = {Learning to {Sense} {Sparse} {Signals}},
	url = {http://ieeexplore.ieee.org/lpdocs/epic03/wrapper.htm?arnumber=5061489},
	doi = {10.1109/TIP.2009.2022459},
	number = {7},
	urldate = {2016-09-21},
	journal = {IEEE Transactions on Image Processing},
	author = {Duarte-Carvajalino, J.M. and Sapiro, G.},
	month = jul,
	year = {2009},
	pages = {1395--1408},
	annote = {keyword: sparse representation}
}

@inproceedings{wang_perceptual_2014,
	title = {Perceptual video coding based on saliency and {Just} {Noticeable} {Distortion} for {H}.265/{HEVC}},
	booktitle={2014 International Symposium on Wireless Personal Multimedia Communications (WPMC)},
	isbn = {978-986-03-3407-4},
	url = {http://ieeexplore.ieee.org/document/7014800/},
	doi = {10.1109/WPMC.2014.7014800},
	urldate = {2016-10-14},
	publisher = {IEEE},
	author = {Wang, Huiqi and Wang, Lin and Hu, Xuelin and Tu, Qin and Men, Aidong},
	month = sep,
	year = {2014},
	pages = {106--111},
	annote = {keyword: Just Noticeable Distortion},
	annote = {keyword: perceptual video coding}
}

@article{kim_hevc-compliant_2015,
	title = {An {HEVC}-{Compliant} {Perceptual} {Video} {Coding} {Scheme} {Based} on {JND} {Models} for {Variable} {Block}-{Sized} {Transform} {Kernels}},
	volume = {25},
	issn = {1051-8215, 1558-2205},
	url = {http://ieeexplore.ieee.org/document/7005446/},
	doi = {10.1109/TCSVT.2015.2389491},
	number = {11},
	urldate = {2016-10-15},
	journal = {IEEE Transactions on Circuits and Systems for Video Technology},
	author = {Kim, Jaeil and Bae, Sung-Ho and Kim, Munchurl},
	month = nov,
	year = {2015},
	pages = {1786--1800},
	annote = {keyword: perceptual video ccoding}
}

@article{hevc,
	title = {Overview of the {High} {Efficiency} {Video} {Coding} ({HEVC}) {Standard}},
	volume = {22},
	issn = {1051-8215, 1558-2205},
	url = {http://ieeexplore.ieee.org/document/6316136/},
	doi = {10.1109/TCSVT.2012.2221191},
	number = {12},
	urldate = {2016-10-12},
	journal = {IEEE Transactions on Circuits and Systems for Video Technology},
	author = {Sullivan, Gary J. and Ohm, Jens-Rainer and Han, Woo-Jin and Wiegand, Thomas},
	month = dec,
	year = {2012},
	pages = {1649--1668},
	annote = {keyword: hevc
 }
}

@ARTICLE{6782435, 
author={M. Xu and X. Deng and S. Li and Z. Wang}, 
journal={IEEE Journal of Selected Topics in Signal Processing}, 
title={Region-of-Interest Based Conversational HEVC Coding with Hierarchical Perception Model of Face}, 
year={2014}, 
volume={8}, 
number={3}, 
pages={475-489}, 
doi={10.1109/JSTSP.2014.2314864}, 
ISSN={1932-4553}, 
month={June},}

@article{meddeb2014region,
  title={Region-of-interest-based rate control scheme for high-efficiency video coding},
  author={Meddeb, Marwa and Cagnazzo, Marco and Pesquet-Popescu, B{\'e}atrice},
  journal={APSIPA Transactions on Signal and Information Processing},
  volume={3},
  pages={e16},
  year={2014},
  publisher={Cambridge Univ Press}
}

@inproceedings{wahidah_compressive_2012,
	title = {Compressive sampling for digital video signal compression involving dynamic sparsity},
	booktitle={2012 7th International Conference on Telecommunication Systems, Services, and Applications (TSSA)}, 
	isbn = {978-1-4673-4550-7 978-1-4673-4549-1 978-1-4673-4548-4},
	url = {http://ieeexplore.ieee.org/document/6366019/},
	doi = {10.1109/TSSA.2012.6366019},
	urldate = {2016-10-14},
	publisher = {IEEE},
	author = {Wahidah, Ida and Suksmono, Andriyan Bayu and {Hendrawan} and Mengko, Tati Latifah R.},
	month = oct,
	year = {2012},
	pages = {46--50},
	annote = {keyword: sparse video coding}
}

@article{martin_sparse_2011,
	title = {Sparse representations for spatial prediction and texture refinement},
	volume = {22},
	issn = {10473203},
	url = {http://linkinghub.elsevier.com/retrieve/pii/S1047320311000186},
	doi = {10.1016/j.jvcir.2011.01.003},
	language = {en},
	number = {8},
	urldate = {2016-10-14},
	journal = {Journal of Visual Communication and Image Representation},
	author = {Martin, Aurélie and Fuchs, Jean-Jacques and Guillemot, Christine and Thoreau, Dominique},
	month = nov,
	year = {2011},
	pages = {712--720},
	annote = {keyword: just noticeable distortion and sparse}
}

@article{sulam_trainlets:_2016,
	title = {Trainlets: {Dictionary} {Learning} in {High} {Dimensions}},
	volume = {64},
	issn = {1053-587X, 1941-0476},
	shorttitle = {Trainlets},
	url = {http://ieeexplore.ieee.org/document/7430359/},
	doi = {10.1109/TSP.2016.2540599},
	number = {12},
	urldate = {2016-10-11},
	journal = {IEEE Transactions on Signal Processing},
	author = {Sulam, Jeremias and Ophir, Boaz and Zibulevsky, Michael and Elad, Michael},
	month = jun,
	year = {2016},
	pages = {3180--3193},
	annote = {keyword: sparse dictionary learning}
}

@inproceedings{elsayed_perceptual-based_2015,
	title = {Perceptual-{Based} {Distributed} {Compressed} {Video} {Sensing}},
	booktitle={2015 Data Compression Conference},
	isbn = {978-1-4799-8430-5},
	url = {http://ieeexplore.ieee.org/document/7149307/},
	doi = {10.1109/DCC.2015.40},
	urldate = {2016-10-11},
	publisher = {IEEE},
	author = {Elsayed, Sawsan Abdellatif Abdelsalam and Elsabrouty, Maha Mohamed},
	month = apr,
	year = {2015},
	pages = {444--444},
	annote = {keyword: compressed video sensing},
	annote = {keyword: perceptual video coding and sparse}
}

@article{zhenyu_wei_spatio-temporal_2009,
	title = {Spatio-{Temporal} {Just} {Noticeable} {Distortion} {Profile} for {Grey} {Scale} {Image}/{Video} in {DCT} {Domain}},
	volume = {19},
	issn = {1051-8215, 1558-2205},
	url = {http://ieeexplore.ieee.org/document/4783051/},
	doi = {10.1109/TCSVT.2009.2013518},
	number = {3},
	urldate = {2016-10-12},
	journal = {IEEE Transactions on Circuits and Systems for Video Technology},
	author = {{Zhenyu Wei} and Ngan, K.N.},
	month = mar,
	year = {2009},
	pages = {337--346},
	annote = {keyword: perceptual video coding}
}

@article{chao_perceptual_2016,
	title = {Perceptual {HEVC}/{H}.265 system with local just-noticeable-difference model},
	url = {http://ieeexplore.ieee.org.bd.univalle.edu.co/document/7539145/},
	doi = {10.1109/ISCAS.2016.7539145},
	journal = {Circuits and Systems (ISCAS), 2016 IEEE International Symposium on},
	author = {Chao, Wen-Wei and Chen, Yen-Yu and Chien, Shao-Yi},
	month = jul,
	year = {2016},
	pages = {2679 -- 2682}
}

@inproceedings{jnd,
	title = {{JND} modeling: {Approaches} and applications},
	isbn = {978-1-4799-4612-9},
	shorttitle = {{JND} modeling},
	url = {http://ieeexplore.ieee.org/document/6900782/},
	doi = {10.1109/ICDSP.2014.6900782},
	urldate = {2016-10-20},
	publisher = {IEEE},
	author = {Chen, Zhenzhong and Liu, Hongyi},
	month = aug,
	year = {2014},
	pages = {827--830},
	annote = {keyword: JND}
}

@inproceedings{xu_new_2016,
	title = {New just noticeable coding distortion model for perceptual coding},
	isbn = {978-1-5090-1000-4},
	url = {http://ieeexplore.ieee.org/document/7574928/},
	doi = {10.1109/DMIAF.2016.7574928},
	urldate = {2016-10-14},
	publisher = {IEEE},
	author = {Xu, Shengyang and Yu, Mei and Jiang, Gangyi and Fang, Shuqing},
	month = jul,
	year = {2016},
	pages = {180--184},
	annote = {keyword: just noticeable distortion}
}

@article{zibulevsky_l1-l2_2010,
	title = {L1-{L}2 {Optimization} in {Signal} and {Image} {Processing}},
	volume = {27},
	issn = {1053-5888},
	url = {http://ieeexplore.ieee.org/document/5447114/},
	doi = {10.1109/MSP.2010.936023},
	number = {3},
	urldate = {2016-10-14},
	journal = {IEEE Signal Processing Magazine},
	author = {Zibulevsky, Michael and Elad, Michael},
	month = may,
	year = {2010},
	pages = {76--88},
	annote = {keyword: Sparse representation}
}

@article{yue_image_2016,
	title = {Image super-resolution: {The} techniques, applications, and future},
	volume = {128},
	issn = {01651684},
	shorttitle = {Image super-resolution},
	url = {http://linkinghub.elsevier.com/retrieve/pii/S0165168416300536},
	doi = {10.1016/j.sigpro.2016.05.002},
	language = {en},
	urldate = {2016-10-11},
	journal = {Signal Processing},
	author = {Yue, Linwei and Shen, Huanfeng and Li, Jie and Yuan, Qiangqiang and Zhang, Hongyan and Zhang, Liangpei},
	month = nov,
	year = {2016},
	pages = {389--408},
	annote = {keyword: image super-resolution}
}

@article{jiang_perceptual_2014,
	title = {Perceptual {Video} {Coding}: {A} {Survey}: {Perceptual} {Video} {Coding}: {A} {Survey}},
	volume = {35},
	issn = {1009-5896},
	shorttitle = {Perceptual {Video} {Coding}},
	url = {http://pub.chinasciencejournal.com/article/getArticleRedirect.action?doiCode=10.3724/SP.J.1146.2012.00931},
	doi = {10.3724/SP.J.1146.2012.00931},
	language = {en},
	number = {2},
	urldate = {2016-10-14},
	journal = {Journal of Electronics \& Information Technology},
	author = {Jiang, Gang-yi and Zhu, Ya-pei and Yu, Mei and Zhang, Yun},
	month = feb,
	year = {2014},
	pages = {474--483},
	annote = {keyword: perceptual video coding}
}

@inproceedings{haixiao_dictionary_2011,
	title = {A dictionary generation scheme for block-based compressed video sensing},
	booktitle={2011 IEEE International Conference on Signal Processing, Communications and Computing (ICSPCC)}, 
	isbn = {978-1-4577-0893-0},
	url = {http://ieeexplore.ieee.org/document/6061675/},
	doi = {10.1109/ICSPCC.2011.6061675},
	urldate = {2016-10-11},
	publisher = {IEEE},
	author = {Haixiao, Liu and Bin, Song and Hao, Qin and Zhiliang, Qiu},
	month = sep,
	year = {2011},
	pages = {1--5},
	annote = {keyword: compressed video sensing}
}

@article{candes_robust_2006,
	title = {Robust uncertainty principles: exact signal reconstruction from highly incomplete frequency information},
	volume = {52},
	issn = {0018-9448},
	shorttitle = {Robust uncertainty principles},
	url = {http://ieeexplore.ieee.org/document/1580791/},
	doi = {10.1109/TIT.2005.862083},
	number = {2},
	urldate = {2016-10-14},
	journal = {IEEE Transactions on Information Theory},
	author = {Candes, E.J. and Romberg, J. and Tao, T.},
	month = feb,
	year = {2006},
	pages = {489--509},
	annote = {keyword: sparse representation}
}

@inproceedings{yu-bei_lin_recent_2013,
	title = {Recent developments in perceptual video coding},
	booktitle={2013 International Conference on Wavelet Analysis and Pattern Recognition}, 
	isbn = {978-1-4799-0417-4 978-1-4799-0415-0 978-1-4799-0416-7},
	url = {http://ieeexplore.ieee.org/document/6599327/},
	doi = {10.1109/ICWAPR.2013.6599327},
	urldate = {2016-10-15},
	publisher = {IEEE},
	author = {{Yu-Bei Lin} and {Xing-Ming Zhang}},
	month = jul,
	year = {2013},
	pages = {259--264},
	annote = {keyword: perceptual video coding}
}

@article{bae_hevc-based_2016,
	title = {{HEVC}-{Based} {Perceptually} {Adaptive} {Video} {Coding} {Using} a {DCT}-{Based} {Local} {Distortion} {Detection} {Probability} {Model}},
	volume = {25},
	issn = {1057-7149, 1941-0042},
	url = {http://ieeexplore.ieee.org/document/7469870/},
	doi = {10.1109/TIP.2016.2568459},
	number = {7},
	urldate = {2016-10-11},
	journal = {IEEE Transactions on Image Processing},
	author = {Bae, Sung-Ho and Kim, Jaeil and Kim, Munchurl},
	month = jul,
	year = {2016},
	pages = {3343--3357},
	annote = {keywords: sparse and video coding}
}

@article{wiegand_overview_2003,
	title = {Overview of the {H}.264/{AVC} {V}ideo {C}oding {S}tandard},
	volume = {13},
	issn = {1051-8215},
	url = {http://ieeexplore.ieee.org/document/1218189/},
	doi = {10.1109/TCSVT.2003.815165},
	number = {7},
	urldate = {2016-10-14},
	journal = {IEEE Transactions on Circuits and Systems for Video Technology},
	author = {Wiegand, T. and Sullivan, G.J. and Bjontegaard, G. and Luthra, A.},
	month = jul,
	year = {2003},
	pages = {560--576},
	annote = {keyword: video coding}
}

@incollection{zhou_video_2010,
	address = {Berlin, Heidelberg},
	title = {Video {Coding} {With} {Key} {Frames} {Guided} {Super}-{Resolution}},
	volume = {6298},
	isbn = {978-3-642-15695-3 978-3-642-15696-0},
	url = {http://link.springer.com/10.1007/978-3-642-15696-0_29},
	urldate = {2016-10-11},
	booktitle = {Advances in {Multimedia} {Information} {Processing} - {PCM} 2010},
	publisher = {Springer Berlin Heidelberg},
	author = {Zhou, Qiang and Song, Li and Zhang, Wenjun},
	editor = {Qiu, Guoping and Lam, Kin Man and Kiya, Hitoshi and Xue, Xiang-Yang and Kuo, C.-C. Jay and Lew, Michael S. and Hutchison, David and Kanade, Takeo and Kittler, Josef and Kleinberg, Jon M. and Mattern, Friedemann and Mitchell, John C. and Naor, Moni and Nierstrasz, Oscar and Pandu Rangan, C. and Steffen, Bernhard and Sudan, Madhu and Terzopoulos, Demetri and Tygar, Doug and Vardi, Moshe Y. and Weikum, Gerhard},
	year = {2010},
	pages = {309--318},
	annote = {keyword: super-resolution}
}

@article{wright_sparse_2010,
	title = {Sparse {Representation} for {Computer} {Vision} and {Pattern} {Recognition}},
	volume = {98},
	issn = {0018-9219, 1558-2256},
	url = {http://ieeexplore.ieee.org/document/5456194/},
	doi = {10.1109/JPROC.2010.2044470},
	number = {6},
	urldate = {2016-10-11},
	journal = {Proceedings of the IEEE},
	author = {Wright, John and Ma, Yi and Mairal, Julien and Sapiro, Guillermo and Huang, Thomas S. and Yan, Shuicheng},
	month = jun,
	year = {2010},
	pages = {1031--1044},
	annote = {keyword: sparse representation}
}

@inproceedings{alvarez-ramos_sparse_2016,
	title = {Sparse representation to solve the problem of image super-resolution},
	isbn = {978-1-5090-0079-1},
	url = {http://ieeexplore.ieee.org/lpdocs/epic03/wrapper.htm?arnumber=7438568},
	doi = {10.1109/CONIELECOMP.2016.7438568},
	urldate = {2016-09-21},
	publisher = {IEEE},
	author = {Alvarez-Ramos, Valentin and Ponomaryov, Volodymyr},
	month = feb,
	year = {2016},
	pages = {156--161},
	annote = {keyword: super-resolution}
}

@article{dictionaries,
	title = {Dictionaries for {Sparse} {Representation} {Modeling}},
	volume = {98},
	issn = {0018-9219, 1558-2256},
	url = {http://ieeexplore.ieee.org/document/5452966/},
	doi = {10.1109/JPROC.2010.2040551},
	number = {6},
	urldate = {2016-10-14},
	journal = {Proceedings of the IEEE},
	author = {Rubinstein, Ron and Bruckstein, Alfred M and Elad, Michael},
	month = jun,
	year = {2010},
	pages = {1045--1057},
	annote = {keyword: sparse representation}
}

@inproceedings{yuan_image_2014,
	title = {Image compression via sparse reconstruction},
	isbn = {978-1-4799-2893-4},
	url = {http://ieeexplore.ieee.org/document/6853954/},
	doi = {10.1109/ICASSP.2014.6853954},
	urldate = {2016-10-12},
	publisher = {IEEE},
	author = {Yuan, Yuan and Au, Oscar C. and Zheng, Amin and Yang, Haitao and Tang, Ketan and Sun, Wenxiu},
	month = may,
	year = {2014},
	pages = {2025--2029},
	annote = {keyword: parse and HEVC}
}

@inproceedings{chen2010dictionary,
  title={Dictionary learning-based distributed compressive video sensing},
  author={Chen, Hung-Wei and Kang, Li-Wei and Lu, Chun-Shien},
  booktitle={Picture Coding Symposium (PCS), 2010},
  pages={210--213},
  year={2010},
  organization={IEEE}
}


@inproceedings{do2009distributed,
  title={Distributed compressed video sensing},
  author={Do, Thong T and Chen, Yi and Nguyen, Dzung T and Nguyen, Nam and Gan, Lu and Tran, Trac D},
  booktitle={2009 16th IEEE International Conference on Image Processing (ICIP)},
  pages={1393--1396},
  year={2009},
  organization={IEEE}
}

@inproceedings{stankovic2008compressive,
  title={Compressive video sampling},
  author={Stankovi{\'c}, Vladimir and Stankovi{\'c}, Lina and Cheng, Samuel},
  booktitle={Signal Processing Conference, 2008 16th European},
  pages={1--5},
  year={2008},
  organization={IEEE}
}

@inproceedings{kang_efficient_2011,
	title = {Efficient dictionary based video coding with reduced side information},
	booktitle={2011 IEEE International Symposium of Circuits and Systems (ISCAS)}, 
	isbn = {978-1-4244-9473-6},
	url = {http://ieeexplore.ieee.org/document/5937513/},
	doi = {10.1109/ISCAS.2011.5937513},
	urldate = {2016-10-14},
	publisher = {IEEE},
	author = {Kang, Je-Won and Kuo, C.-C. Jay and Cohen, Robert and Vetro, Anthony},
	month = may,
	year = {2011},
	pages = {109--112},
	annote = {keyword: perceptual video coding}
}

@inproceedings{karishma_compressive_2016,
	title = {Compressive sensing based scalable video coding for space applications},
	isbn = {978-1-5090-2361-5},
	url = {http://ieeexplore.ieee.org/document/7561138/},
	doi = {10.1109/NCC.2016.7561138},
	urldate = {2016-10-11},
	publisher = {IEEE},
	author = {Karishma, S. N. and Srinivasarao, B. K. N. and Chakrabarti, Indrajit},
	month = mar,
	year = {2016},
	pages = {1--6},
	annote = {keyword: compressed sensing and video coding}
}

@article{winkler_issues_1999,
	title = {Issues in vision modeling for perceptual video quality assessment},
	volume = {78},
	issn = {01651684},
	url = {http://linkinghub.elsevier.com/retrieve/pii/S0165168499000626},
	doi = {10.1016/S0165-1684(99)00062-6},
	language = {en},
	number = {2},
	urldate = {2016-10-14},
	journal = {Signal Processing},
	author = {Winkler, Stefan},
	month = oct,
	year = {1999},
	pages = {231--252},
	annote = {keyword: perceptual video coding}
}

@inproceedings{xue_two-stage_2015,
	title = {A two-stage video coding framework with both self-adaptive redundant dictionary and adaptively orthonormalized {DCT} basis},
	isbn = {978-1-4799-8339-1},
	url = {http://ieeexplore.ieee.org/document/7351090/},
	doi = {10.1109/ICIP.2015.7351090},
	urldate = {2016-10-14},
	publisher = {IEEE},
	author = {Xue, Yuanyi and Zhou, Yi and Wang, Yao},
	month = sep,
	year = {2015},
	pages = {1697--1701}
}

@article{wei_chen_dictionary_2013,
	title = {Dictionary {Learning} {With} {Optimized} {Projection} {Design} for {Compressive} {Sensing} {Applications}},
	volume = {20},
	issn = {1070-9908, 1558-2361},
	url = {http://ieeexplore.ieee.org/document/6584024/},
	doi = {10.1109/LSP.2013.2278019},
	number = {10},
	urldate = {2016-10-20},
	journal = {IEEE Signal Processing Letters},
	author = {{Wei Chen} and Rodrigues, Miguel R. D.},
	month = oct,
	year = {2013},
	pages = {992--995}
}

@inproceedings{xu_perceptually-aware_2015,
	title = {Perceptually-aware distributed compressive video sensing},
	booktitle={2015 Visual Communications and Image Processing (VCIP)}, 
	isbn = {978-1-4673-7314-2},
	url = {http://ieeexplore.ieee.org/document/7457802/},
	doi = {10.1109/VCIP.2015.7457802},
	urldate = {2016-10-14},
	publisher = {IEEE},
	author = {Xu, Jin and Djahel, Soufiene and Qiao, Yuansong and Fu, Zhizhong},
	month = dec,
	year = {2015},
	pages = {1--4},
	annote = {keyword: perceptual, video coding and  sparse}
}

@article{elsayed_perceptually_2015,
	title = {Perceptually weighted compressed sensing for video acquisition},
	journal = {2015 International Conference on Pervasive and Embedded Computing and Communication Systems (PECCS)},
	author = {Elsayed, Sawsan Abdellatif Abdelsalam and Elsabrouty, Maha Mohamed},
	month = feb,
	year = {2015},
	pages = {209--216},
	annote = {keyword: compressed  video sensing
 }
}

@article{shrivastava_generalized_2015,
	title = {Generalized {Dictionaries} for {Multiple} {Instance} {Learning}},
	volume = {114},
	issn = {0920-5691, 1573-1405},
	url = {http://link.springer.com/10.1007/s11263-015-0831-z},
	doi = {10.1007/s11263-015-0831-z},
	language = {en},
	number = {2-3},
	urldate = {2016-10-14},
	journal = {International Journal of Computer Vision},
	author = {Shrivastava, Ashish and Patel, Vishal M. and Pillai, Jaishanker K. and Chellappa, Rama},
	month = sep,
	year = {2015},
	pages = {288--305},
	annote = {keyword: sparse representation}
}

@inproceedings{jun_yang_sparse_2016,
	title = {A sparse representation based post-processing method for improving image super-resolution},
	isbn = {978-1-5090-1552-8},
	url = {http://ieeexplore.ieee.org/document/7574737/},
	doi = {10.1109/ICMEW.2016.7574737},
	urldate = {2016-10-11},
	publisher = {IEEE},
	author = {{Jun Yang} and {Jun Guo} and {Hongyang Chao}},
	month = jul,
	year = {2016},
	pages = {1--6},
	annote = {keyword: sparse representation}
}

@inproceedings{chen_perceptual_2010,
	title = {Perceptual video coding: {Challenges} and approaches},
	isbn = {978-1-4244-7491-2},
	shorttitle = {Perceptual video coding},
	url = {http://ieeexplore.ieee.org/document/5582549/},
	doi = {10.1109/ICME.2010.5582549},
	urldate = {2016-10-14},
	publisher = {IEEE},
	author = {Chen, Zhenzhong and Lin, Weisi and Ngan, King Ngi},
	month = jul,
	year = {2010},
	pages = {784--789},
	annote = {keyword: perceptual video coding}
}

@article{bruckstein_sparse_2009,
	title = {From {Sparse} {Solutions} of {Systems} of {Equations} to {Sparse} {Modeling} of {Signals} and {Images}},
	volume = {51},
	issn = {0036-1445, 1095-7200},
	url = {http://epubs.siam.org/doi/abs/10.1137/060657704},
	doi = {10.1137/060657704},
	language = {en},
	number = {1},
	urldate = {2016-10-11},
	journal = {SIAM Review},
	author = {Bruckstein, Alfred M. and Donoho, David L. and Elad, Michael},
	month = feb,
	year = {2009},
	pages = {34--81},
	annote = {keyword: sparse representation}
}

@article{zhu_spatial_2016,
	title = {Spatial quality index based rate perceptual-distortion optimization for video coding},
	volume = {38},
	issn = {10473203},
	url = {http://linkinghub.elsevier.com/retrieve/pii/S1047320316300165},
	doi = {10.1016/j.jvcir.2016.03.013},
	language = {en},
	urldate = {2016-10-14},
	journal = {Journal of Visual Communication and Image Representation},
	author = {Zhu, Xingguo and Hong, Wenhao and Xu, Hu and Yu, Lu and Zhao, Yin},
	month = jul,
	year = {2016},
	pages = {423--432},
	annote = {keyword: video coding and perceptual coding}
}

@article{saliency,
	title = {Visual saliency based perceptual video coding in {HEVC}},
	journal = {2016 IEEE International Symposium on Circuits and Systems (ISCAS),},
	author = {Wei, Henglu and Zhou, Xin and Zhou, Wei and Yan, Chang and Zhemin, Duan and Shan, Nana},
	year = {2016},
	pages = {2547--2550},
	annote = {keyword: perceptual video coding}
}

@article{yin_survey_2014,
	title = {A survey on distributed compressed sensing: theory and applications},
	volume = {8},
	issn = {2095-2228, 2095-2236},
	shorttitle = {A survey on distributed compressed sensing},
	url = {http://link.springer.com/10.1007/s11704-014-3461-7},
	doi = {10.1007/s11704-014-3461-7},
	language = {en},
	number = {6},
	urldate = {2016-10-11},
	journal = {Frontiers of Computer Science},
	author = {Yin, Hongpeng and Li, Jinxing and Chai, Yi and Yang, Simon X.},
	month = dec,
	year = {2014},
	pages = {893--904},
	annote = {keywords: compressed sensing}
}

@article{zhang_survey_2015,
	title = {A {Survey} of {Sparse} {Representation}: {Algorithms} and {Applications}},
	volume = {3},
	issn = {2169-3536},
	shorttitle = {A {Survey} of {Sparse} {Representation}},
	url = {http://ieeexplore.ieee.org/document/7102696/},
	doi = {10.1109/ACCESS.2015.2430359},
	urldate = {2016-10-11},
	journal = {IEEE Access},
	author = {Zhang, Zheng and Xu, Yong and Yang, Jian and Li, Xuelong and Zhang, David},
	year = {2015},
	pages = {490--530},
	annote = {keyword: sparse representation}
}

@article{he_learning_2012,
	title = {Learning {Based} {Compressed} {Sensing} for {SAR} {Image} {Super}-{Resolution}},
	volume = {5},
	issn = {1939-1404, 2151-1535},
	url = {http://ieeexplore.ieee.org/document/6187672/},
	doi = {10.1109/JSTARS.2012.2189555},
	number = {4},
	urldate = {2016-10-11},
	journal = {IEEE Journal of Selected Topics in Applied Earth Observations and Remote Sensing},
	author = {He, Chu and Liu, Longzhu and Xu, Lianyu and Liu, Ming and Liao, Mingsheng},
	month = aug,
	year = {2012},
	pages = {1272--1281},
	annote = {keyword: sparse dictionary learning}
}

@inproceedings{orthonormal,
	title = {Learning {Unions} of {Orthonormal} {Bases} with {Thresholded} {Singular} {Value} {Decomposition}},
	volume = {5},
	isbn = {978-0-7803-8874-1},
	url = {http://ieeexplore.ieee.org/document/1416298/},
	doi = {10.1109/ICASSP.2005.1416298},
	urldate = {2016-10-20},
	publisher = {IEEE},
	author = {Lesage, S. and Gribonval, R. and Bimbot, F. and Benaroya, L.},
	year = {2005},
	pages = {293--296},
	annote = {keyword: dictionary learning}
}

@article{generalized,
	title = {Generalized principal component analysis ({GPCA})},
	volume = {27},
	issn = {0162-8828},
	url = {http://ieeexplore.ieee.org/document/1524987/},
	doi = {10.1109/TPAMI.2005.244},
	number = {12},
	urldate = {2016-10-20},
	journal = {IEEE Transactions on Pattern Analysis and Machine Intelligence},
	author = {Vidal, R. and {Yi Ma} and Sastry, S.},
	month = dec,
	year = {2005},
	pages = {1945--1959},
	annote = {keyword: dictionary learning}
}

@inproceedings{omp,
	title = {Method of optimal directions for frame design},
	booktitle={1999 IEEE International Conference on Acoustics, Speech, and Signal Processing},
	isbn = {978-0-7803-5041-0},
	url = {http://ieeexplore.ieee.org/document/760624/},
	doi = {10.1109/ICASSP.1999.760624},
	urldate = {2016-10-20},
	publisher = {IEEE},
	author = {Engan, K. and Aase, S.O. and Hakon Husoy, J.},
	year = {1999},
	pages = {2443--2446 vol.5},
	annote = {keyword: dictionary learning}
}

@article{candes_introduction_2008,
	title = {An {Introduction} {To} {Compressive} {Sampling}},
	volume = {25},
	issn = {1053-5888},
	url = {http://ieeexplore.ieee.org/document/4472240/},
	doi = {10.1109/MSP.2007.914731},
	number = {2},
	urldate = {2016-10-26},
	journal = {IEEE Signal Processing Magazine},
	author = {Candes, E.J. and Wakin, M.B.},
	month = mar,
	year = {2008},
	pages = {21--30},
	annote = {keyword: sparse representation
 }
}

@article{donoho_compressed_2006,
	title = {Compressed sensing},
	volume = {52},
	issn = {0018-9448},
	url = {http://ieeexplore.ieee.org/document/1614066/},
	doi = {10.1109/TIT.2006.871582},
	number = {4},
	urldate = {2016-10-26},
	journal = {IEEE Transactions on Information Theory},
	author = {Donoho, D.L.},
	month = apr,
	year = {2006},
	pages = {1289--1306}
}

@inproceedings{weiss_what_2007,
	title = {What makes a good model of natural images?},
	isbn = {978-1-4244-1179-5 978-1-4244-1180-1},
	url = {http://ieeexplore.ieee.org/document/4270117/},
	doi = {10.1109/CVPR.2007.383092},
	urldate = {2016-10-26},
	publisher = {IEEE},
	author = {Weiss, Yair and Freeman, William T.},
	month = jun,
	year = {2007},
	pages = {1--8},
	annote = {keyword: sparse representation}
}

@article{tropp_signal_2007,
	title = {Signal {Recovery} {From} {Random} {Measurements} {Via} {Orthogonal} {Matching} {Pursuit}},
	volume = {53},
	issn = {0018-9448},
	url = {http://ieeexplore.ieee.org/document/4385788/},
	doi = {10.1109/TIT.2007.909108},
	number = {12},
	urldate = {2016-10-26},
	journal = {IEEE Transactions on Information Theory},
	author = {Tropp, Joel A. and Gilbert, Anna C.},
	month = dec,
	year = {2007},
	pages = {4655--4666},
	annote = {keyword: sparse representation}
}

@article{figueiredo_gradient_2007,
	title = {Gradient {Projection} for {Sparse} {Reconstruction}: {Application} to {Compressed} {Sensing} and {Other} {Inverse} {Problems}},
	volume = {1},
	issn = {1932-4553, 1941-0484},
	shorttitle = {Gradient {Projection} for {Sparse} {Reconstruction}},
	url = {http://ieeexplore.ieee.org/document/4407762/},
	doi = {10.1109/JSTSP.2007.910281},
	number = {4},
	urldate = {2016-10-26},
	journal = {IEEE Journal of Selected Topics in Signal Processing},
	author = {Figueiredo, MÁrio A. T. and Nowak, Robert D. and Wright, Stephen J.},
	month = dec,
	year = {2007},
	pages = {586--597}
}

@article{donoho_fast_2008,
	title = {Fast {Solution} of \${\textbackslash}ell \_\{1\}\$ -{Norm} {Minimization} {Problems} {When} the {Solution} {May} {Be} {Sparse}},
	volume = {54},
	issn = {0018-9448},
	url = {http://ieeexplore.ieee.org/document/4655448/},
	doi = {10.1109/TIT.2008.929958},
	number = {11},
	urldate = {2016-10-26},
	journal = {IEEE Transactions on Information Theory},
	author = {Donoho, David L. and Tsaig, Yaakov},
	month = nov,
	year = {2008},
	pages = {4789--4812}
}

@article{_regression_1996,
	title = {Regression shrinkage and selection via the lasso},
	volume = {58},
	url = {http://statweb.stanford.edu/~tibs/lasso/lasso.pdf},
	journal = {Journal of the Royal Statistical Society. Series B (Methodological)},
	year = {1996},
	pages = {267--288}
}

@article{asif_fast_2013,
	title = {Fast and {Accurate} {Algorithms} for {Re}-{Weighted} \${\textbackslash}ell \_\{1\}\$-{Norm} {Minimization}},
	volume = {61},
	issn = {1053-587X, 1941-0476},
	url = {http://ieeexplore.ieee.org/document/6587593/},
	doi = {10.1109/TSP.2013.2279362},
	number = {23},
	urldate = {2016-10-26},
	journal = {IEEE Transactions on Signal Processing},
	author = {Asif, M. Salman and Romberg, Justin},
	month = dec,
	year = {2013},
	pages = {5905--5916},
	annote = {keyword: sparse representation
 }
}

@book{scherzer_handbook_2011,
	address = {New York, NY},
	series = {Springer reference},
	title = {Handbook of mathematical methods in imaging},
	isbn = {978-0-387-92920-0 978-0-387-92919-4 978-0-387-92921-7},
	language = {eng},
	publisher = {Springer},
	editor = {Scherzer, Otmar},
	year = {2011},
	keywords = {Bildverarbeitung, Maschinelles Sehen, Mathematische Methode},
	annote = {keyword: compressed sensing}
}

@article{duarte_structured_2011,
	title = {Structured {Compressed} {Sensing}: {From} {Theory} to {Applications}},
	volume = {59},
	issn = {1053-587X, 1941-0476},
	shorttitle = {Structured {Compressed} {Sensing}},
	url = {http://ieeexplore.ieee.org/document/5954192/},
	doi = {10.1109/TSP.2011.2161982},
	number = {9},
	urldate = {2016-10-26},
	journal = {IEEE Transactions on Signal Processing},
	author = {Duarte, Marco F. and Eldar, Yonina C.},
	month = sep,
	year = {2011},
	pages = {4053--4085}
}

@article{joppich_[hernia_1975,
	title = {[{Hernia} in childhood]},
	volume = {46},
	issn = {0009-4722},
	language = {GER},
	number = {11},
	journal = {Der Chirurg; Zeitschrift Fur Alle Gebiete Der Operativen Medizen},
	author = {Joppich, I.},
	month = nov,
	year = {1975},
	pmid = {1211},
	keywords = {Cryptorchidism, Hernia, Hernia, Diaphragmatic, Hernia, Inguinal, Hernia, Umbilical, Herniorrhaphy, Humans, Infant, Infant, Newborn, Male},
	pages = {496--503}
}

@article{joppich_[hernia_1975-1,
	title = {[{Hernia} in childhood]},
	volume = {46},
	issn = {0009-4722},
	language = {GER},
	number = {11},
	journal = {Der Chirurg; Zeitschrift Fur Alle Gebiete Der Operativen Medizen},
	author = {Joppich, I.},
	month = nov,
	year = {1975},
	pmid = {1211},
	keywords = {Cryptorchidism, Hernia, Hernia, Diaphragmatic, Hernia, Inguinal, Hernia, Umbilical, Herniorrhaphy, Humans, Infant, Infant, Newborn, Male},
	pages = {496--503}
}

@article{rodriguez_separation_1976,
	title = {Separation, properties, localization and nycthemeral variations of a {DNAse}, a phosphodiesterase, a {RNAse} and an alkaline phosphase from the hepatopancreas of {Palaemon} serratus ({Crustacea} natantia)},
	volume = {54},
	issn = {0305-0491},
	language = {ENG},
	number = {1},
	journal = {Comparative Biochemistry and Physiology. B, Comparative Biochemistry},
	author = {Rodriguez, D. and Wormhoudt, A. L. and Gal, Y. L.},
	year = {1976},
	pmid = {5231},
	keywords = {Alkaline Phosphatase, Animals, Calcium, Circadian Rhythm, Deoxyribonucleases, Enzyme Activation, Hydrogen-Ion Concentration, Kinetics, Liver, Magnesium, Manganese, Molecular Weight, Palaemonidae, Pancreas, Phosphoric Diester Hydrolases, Ribonucleases},
	pages = {181--191}
}

@article{joppich_[hernia_1975-2,
	title = {[{Hernia} in childhood]},
	volume = {46},
	issn = {0009-4722},
	language = {GER},
	number = {11},
	journal = {Der Chirurg; Zeitschrift Fur Alle Gebiete Der Operativen Medizen},
	author = {Joppich, I.},
	month = nov,
	year = {1975},
	pmid = {1211},
	keywords = {Cryptorchidism, Hernia, Hernia, Diaphragmatic, Hernia, Inguinal, Hernia, Umbilical, Herniorrhaphy, Humans, Infant, Infant, Newborn, Male},
	pages = {496--503}
}

@article{qaisar_compressive_2013,
	title = {Compressive sensing: {From} theory to applications, a survey},
	volume = {15},
	issn = {1229-2370},
	shorttitle = {Compressive sensing},
	url = {http://ieeexplore.ieee.org/document/6674179/},
	doi = {10.1109/JCN.2013.000083},
	number = {5},
	urldate = {2016-10-26},
	journal = {Journal of Communications and Networks},
	author = {Qaisar, Saad and Bilal, Rana Muhammad and Iqbal, Wafa and Naureen, Muqaddas and Lee, Sungyoung},
	month = oct,
	year = {2013},
	pages = {443--456}
}

@inproceedings{xu_compressive_2010,
	title = {Compressive video sensing based on user attention model},
	isbn = {978-1-4244-7134-8},
	url = {http://ieeexplore.ieee.org/document/5702586/},
	doi = {10.1109/PCS.2010.5702586},
	urldate = {2016-10-26},
	publisher = {IEEE},
	author = {Xu, Jie and Ma, Jianwei and Zhang, Dongming and Zhang, Yongdong and Lin, Shouxun},
	month = dec,
	year = {2010},
	pages = {90--93}
}

@article{theodoridis_sparsity-aware_2012,
	title = {Sparsity-{Aware} {Learning} and {Compressed} {Sensing}: {An} {Overview}},
	shorttitle = {Sparsity-{Aware} {Learning} and {Compressed} {Sensing}},
	url = {http://arxiv.org/abs/1211.5231},
	abstract = {This paper is based on a chapter of a new book on Machine Learning, by the first and third author, which is currently under preparation. We provide an overview of the major theoretical advances as well as the main trends in algorithmic developments in the area of sparsity-aware learning and compressed sensing. Both batch processing and online processing techniques are considered. A case study in the context of time-frequency analysis of signals is also presented. Our intent is to update this review from time to time, since this is a very hot research area with a momentum and speed that is sometimes difficult to follow up.},
	urldate = {2016-10-26},
	journal = {arXiv:1211.5231 [cs, math]},
	author = {Theodoridis, Sergios and Kopsinis, Yannis and Slavakis, Konstantinos},
	month = nov,
	year = {2012},
	note = {arXiv: 1211.5231},
	keywords = {Computer Science - Information Theory},
	file = {arXiv\:1211.5231 PDF:C\:\\Users\\augusto\\AppData\\Roaming\\Zotero\\Zotero\\Profiles\\b8x83wk0.default\\zotero\\storage\\7UCV5RRW\\Theodoridis et al. - 2012 - Sparsity-Aware Learning and Compressed Sensing An.pdf:application/pdf;arXiv.org Snapshot:C\:\\Users\\augusto\\AppData\\Roaming\\Zotero\\Zotero\\Profiles\\b8x83wk0.default\\zotero\\storage\\5SJX8X5N\\1211.html:text/html}
}

@article{eslahi_compressive_2015,
	title = {Compressive {Video} {Sensing} via {Dictionary} {Learning} and {Forward} {Prediction}},
	url = {http://arxiv.org/abs/1508.07640},
	abstract = {In this paper, we propose a new framework for compressive video sensing (CVS) that exploits the inherent spatial and temporal redundancies of a video sequence, effectively. The proposed method splits the video sequence into the key and non-key frames followed by dividing each frame into small non-overlapping blocks of equal sizes. At the decoder side, the key frames are reconstructed using adaptively learned sparsifying (ALS) basis via \${\textbackslash}ell\_0\$ minimization, in order to exploit the spatial redundancy. Also, the effectiveness of three well-known dictionary learning algorithms is investigated in our method. For recovery of the non-key frames, a prediction of the current frame is initialized, by using the previous reconstructed frame, in order to exploit the temporal redundancy. The prediction is employed in a proper optimization problem to recover the current non-key frame. To compare our experimental results with the results of some other methods, we employ peak signal to noise ratio (PSNR) and structural similarity (SSIM) index as the quality assessor. The numerical results show the adequacy of our proposed method in CVS.},
	urldate = {2016-10-26},
	journal = {arXiv:1508.07640 [cs]},
	author = {Eslahi, Nasser and Aghagolzadeh, Ali and Andargoli, Seyed Mehdi Hosseini},
	month = aug,
	year = {2015},
	note = {arXiv: 1508.07640},
	keywords = {Computer Science - Multimedia},
	annote = {Comment: 26 Pages, 5 Figures, 3 Tables, This paper was presented in part at the 7th International Symposium on Telecommunications. arXiv admin note: text overlap with arXiv:1404.7566 by other authors},
	file = {arXiv\:1508.07640 PDF:C\:\\Users\\augusto\\AppData\\Roaming\\Zotero\\Zotero\\Profiles\\b8x83wk0.default\\zotero\\storage\\ZB9BRKB5\\Eslahi et al. - 2015 - Compressive Video Sensing via Dictionary Learning .pdf:application/pdf;arXiv.org Snapshot:C\:\\Users\\augusto\\AppData\\Roaming\\Zotero\\Zotero\\Profiles\\b8x83wk0.default\\zotero\\storage\\EHZ73RUM\\1508.html:text/html}
}

@article{jung_motion_2010,
	title = {Motion estimated and compensated compressed sensing dynamic magnetic resonance imaging: {What} we can learn from video compression techniques},
	volume = {20},
	issn = {08999457, 10981098},
	shorttitle = {Motion estimated and compensated compressed sensing dynamic magnetic resonance imaging},
	url = {http://doi.wiley.com/10.1002/ima.20231},
	doi = {10.1002/ima.20231},
	language = {en},
	number = {2},
	urldate = {2016-10-26},
	journal = {International Journal of Imaging Systems and Technology},
	author = {Jung, Hong and Ye, Jong Chul},
	month = may,
	year = {2010},
	pages = {81--98}
}

@INPROCEEDINGS{6737765,
author={D. Mukherjee and J. Bankoski and A. Grange and J. Han and J. Koleszar and P. Wilkins and Y. Xu and R. Bultje},
booktitle={Picture Coding Symposium (PCS), 2013},
title={The {L}atest {O}pen-source {V}ideo {C}odec {V}P9 - {A}n {O}verview and {P}reliminary {R}esults},
year={2013},
pages={390-393},
keywords={video codecs;video coding;Google;H.264-AVC;HEVC;VP8 video codec;WebM project;libvpx repository;next generation open-source video codec;next-generation VP9 bit-stream;standard test sets;Codecs;Decoding;Encoding;Entropy;Transforms;Vectors;Video coding},
doi={10.1109/PCS.2013.6737765},
month={Dec}}

@article{multi,
  author    = {Masoumeh Azghani and
               Mostafa Karimi and
               Farokh Marvasti},
  title     = {Multi-Hypothesis Compressed Video Sensing Technique},
  journal   = {CoRR},
  volume    = {abs/1412.4576},
  year      = {2014},
  url       = {http://arxiv.org/abs/1412.4576},
  timestamp = {Thu, 01 Jan 2015 19:51:08 +0100},
  biburl    = {http://dblp.uni-trier.de/rec/bib/journals/corr/AzghaniKM14},
  bibsource = {dblp computer science bibliography, http://dblp.org}
}

@ARTICLE{6317152, 
author={F. Bossen and B. Bross and K. Suhring and D. Flynn}, 
journal={IEEE Transactions on Circuits and Systems for Video Technology}, 
title={HEVC Complexity and Implementation Analysis}, 
year={2012}, 
volume={22}, 
number={12}, 
pages={1685-1696}, 
keywords={computational complexity;data compression;decoding;video coding;H.264-AVC high profile;HEVC decoders complexity;HEVC encoders;HEVC standard;coding efficiency;complexity-related aspects;high efficiency video coding standard;implementation analysis;optimized software;reference software;standardization process;video compression technology;video quality;Complexity theory;Decoding;Encoding;Transforms;Video coding;Video compression;High efficiency video coding (HEVC);video coding}, 
doi={10.1109/TCSVT.2012.2221255}, 
ISSN={1051-8215}, 
month={Dec}}